<record><leader>02949pam a2200421 i 4500</leader><controlfield tag="001">6742948</controlfield><controlfield tag="003">OCoLC</controlfield><controlfield tag="005">20141113155049.0</controlfield><controlfield tag="008">140523t20152015nyua     b    001 0 eng  </controlfield><datafield ind1=" " ind2=" " tag="010"><subfield code="a">  2014003291</subfield></datafield><datafield ind1="7" ind2=" " tag="016"><subfield code="a">016713753</subfield><subfield code="2">Uk</subfield></datafield><datafield ind1=" " ind2=" " tag="020"><subfield code="a">9780415822909 (hardback)</subfield></datafield><datafield ind1=" " ind2=" " tag="020"><subfield code="a">0415822904 (hardback)</subfield></datafield><datafield ind1=" " ind2=" " tag="020"><subfield code="a">9780415822916 (paperback)</subfield></datafield><datafield ind1=" " ind2=" " tag="020"><subfield code="a">0415822912 (paperback)</subfield></datafield><datafield ind1=" " ind2=" " tag="020"><subfield code="z">9781315763316 (e-book)</subfield></datafield><datafield ind1=" " ind2=" " tag="020"><subfield code="z">1315763311 (e-book)</subfield></datafield><datafield ind1=" " ind2=" " tag="020"><subfield code="z">9781315763316 (e-book)</subfield></datafield><datafield ind1=" " ind2=" " tag="035"><subfield code="a">ocn889516755</subfield></datafield><datafield ind1=" " ind2=" " tag="040"><subfield code="a">DLC</subfield><subfield code="b">eng</subfield><subfield code="e">rda</subfield><subfield code="c">DLC</subfield><subfield code="d">BTCTA</subfield><subfield code="d">UKMGB</subfield><subfield code="d">OCLCO</subfield><subfield code="d">CDX</subfield><subfield code="d">BDX</subfield><subfield code="d">OCLCF</subfield><subfield code="d">UAB</subfield></datafield><datafield ind1=" " ind2=" " tag="042"><subfield code="a">pcc</subfield></datafield><datafield ind1="0" ind2="0" tag="050"><subfield code="a">LC4015</subfield><subfield code="b">.P63 2015</subfield></datafield><datafield ind1="0" ind2="0" tag="082"><subfield code="a">371.9</subfield><subfield code="2">23</subfield></datafield><datafield ind1=" " ind2=" " tag="090"><subfield code="a">LC 4015 P63 2015</subfield><subfield code="b">AEU</subfield></datafield><datafield ind1="1" ind2=" " tag="100"><subfield code="a">Porter, Jill,</subfield><subfield code="e">author.</subfield></datafield><datafield ind1="1" ind2="0" tag="245"><subfield code="a">Understanding and responding to the experience of disability /</subfield><subfield code="c">Jill Porter.</subfield></datafield><datafield ind1=" " ind2="1" tag="264"><subfield code="a">New York, NY :</subfield><subfield code="b">Routledge, Taylor &amp; Francis Group,</subfield><subfield code="c">2015.</subfield></datafield><datafield ind1=" " ind2="4" tag="264"><subfield code="c">&#169;2015</subfield></datafield><datafield ind1=" " ind2=" " tag="300"><subfield code="a">viii, 162 pages :</subfield><subfield code="b">illustrations ;</subfield><subfield code="c">24 cm</subfield></datafield><datafield ind1=" " ind2=" " tag="336"><subfield code="a">text</subfield><subfield code="2">rdacontent</subfield></datafield><datafield ind1=" " ind2=" " tag="337"><subfield code="a">unmediated</subfield><subfield code="2">rdamedia</subfield></datafield><datafield ind1=" " ind2=" " tag="338"><subfield code="a">volume</subfield><subfield code="2">rdacarrier</subfield></datafield><datafield ind1=" " ind2=" " tag="504"><subfield code="a">Includes bibliographical references (pages 145-157) and index.</subfield></datafield><datafield ind1=" " ind2=" " tag="520"><subfield code="a">"Understanding and Responding to the Experiences of Disability informs readers about current understandings of disability and ways of recognizing the needs that arise from the lived experience of impairment in schools. While most schools have clear procedures in place with respect to identifying children with Special Educational Needs, the same is not true for disability. Moreover research suggests that many schools have restricted understanding of this distinction, often equating disability to children with SEN and children with health conditions, thereby failing to recognize the pivotal role of impact. In this insightful text, Jill Porter argues that disability needs to be understood within the setting in which it is experienced, thereby recognizing that it is not a fixed attributable label, but one that is cultural, contextual and fluid. By providing a theoretical basis for understandings of disability around notions of impairment, experience and impact, the book combines three key components: a conceptual understanding of disability - to provide a clear value driven framework for professional responses; an empirical illustration of the development of materials to support an understanding of why the process of disability data collection cannot simply be reduced to two questions on a form; embedded illustrative case study material to provide exemplars of how the materials can be contextualised and used to make adjustments to enhance the participation of all children"--</subfield><subfield code="c">Provided by publisher.</subfield></datafield><datafield ind1=" " ind2=" " tag="596"><subfield code="a">41</subfield></datafield><datafield ind1=" " ind2="0" tag="650"><subfield code="a">Students with disabilities</subfield><subfield code="x">Education.</subfield></datafield><datafield ind1=" " ind2=" " tag="949"><subfield code="a">LC 4015 P63 2015</subfield><subfield code="c">1</subfield><subfield code="h">UAED-B</subfield><subfield code="i">0162035191186</subfield></datafield><datafield ind1=" " ind2=" " tag="926"><subfield code="a">LC 4015 P63 2015</subfield><subfield code="w">LC</subfield><subfield code="c">1</subfield><subfield code="i">0162035191186</subfield><subfield code="l">FLOOR_2</subfield><subfield code="m">UAEDUC</subfield><subfield code="p">$150.00</subfield><subfield code="r">Y</subfield><subfield code="s">Y</subfield><subfield code="t">BOOK</subfield><subfield code="u">11/26/2014</subfield></datafield></record>